<record><leader>00000cas a22000007a 4500</leader><controlfield tag="001">11619848</controlfield><controlfield tag="008">850125d19851991inucr ne      0   a0eng d</controlfield><datafield ind1=" " ind2=" " tag="010"><subfield code="a">sn 85000336 </subfield></datafield><datafield ind1=" " ind2=" " tag="040"><subfield code="a">NSD</subfield><subfield code="b">eng</subfield><subfield code="c">NSD</subfield><subfield code="d">NPI</subfield><subfield code="d">NSD</subfield><subfield code="d">NPI</subfield><subfield code="d">NSD</subfield><subfield code="d">NPI</subfield><subfield code="d">OCLCQ</subfield></datafield><datafield ind1=" " ind2=" " tag="012"><subfield code="j">1</subfield><subfield code="m">d</subfield></datafield><datafield ind1="1" ind2=" " tag="022"><subfield code="a">8750-6548</subfield><subfield code="l">8750-6548</subfield><subfield code="2">1</subfield></datafield><datafield ind1=" " ind2=" " tag="042"><subfield code="a">nsdp</subfield></datafield><datafield ind1="0" ind2=" " tag="130"><subfield code="a">Star tribune (Attica, Ind.)</subfield></datafield><datafield ind1=" " ind2="0" tag="222"><subfield code="a">Star tribune</subfield><subfield code="b">(Attica, Ind.)</subfield></datafield><datafield ind1="1" ind2="0" tag="245"><subfield code="a">Star tribune.</subfield></datafield><datafield ind1=" " ind2=" " tag="260"><subfield code="a">Attica, Ind. :</subfield><subfield code="b">John Wesley Rowe Jr.,</subfield><subfield code="c">1985-1991.</subfield></datafield><datafield ind1=" " ind2=" " tag="300"><subfield code="a">7 v. :</subfield><subfield code="b">ill. ;</subfield><subfield code="c">58 cm.</subfield></datafield><datafield ind1=" " ind2=" " tag="310"><subfield code="a">Semiweekly</subfield></datafield><datafield ind1="0" ind2=" " tag="362"><subfield code="a">Vol. 134, no. 1 (Jan. 2, 1985)-v. 140, no. 96 (Nov. 26, 1991).</subfield></datafield><datafield ind1=" " ind2=" " tag="752"><subfield code="a">United States</subfield><subfield code="b">Indiana</subfield><subfield code="c">Fountain</subfield><subfield code="d">Attica.</subfield></datafield><datafield ind1="0" ind2="4" tag="780"><subfield code="t">Fountain County star</subfield><subfield code="w">(DLC)sn 87055393</subfield></datafield><datafield ind1="0" ind2="4" tag="780"><subfield code="t">Ledger tribune</subfield><subfield code="w">(DLC)sn 87055408</subfield></datafield><datafield ind1="0" ind2="0" tag="785"><subfield code="t">Fountain County neighbor</subfield><subfield code="x">1060-5495</subfield><subfield code="w">(DLC)sn 91004099</subfield></datafield><datafield ind1="1" ind2=" " tag="029"><subfield code="a">AU@</subfield><subfield code="b">000040687005</subfield></datafield></record>